% Encoding: UTF-8

%Utilizada no capítulo 1
@article{guimaraes2020clima,
  title={Clima e agricultura.},
  author={Guimar{\~a}es, Daniel Pereira},
  journal={Embrapa Milho e Sorgo-Cap{\'\i}tulo em livro cient{\'\i}fico (ALICE)},
  year={2020},
  publisher={In: LANDAU, EC; SILVA, GA da; MOURA, L.; HIRSCH, A.; GUIMARAES, DP (Ed~…}
}


%Utilizada no cap 2
@inproceedings{ribeiro2016avaliaccao,
  title={AVALIA{\c{C}}{\~A}O DE TEMPERATURA E UMIDADE UTILIZANDO O SENSOR DHT22 CONTROLADO POR ARDUINO},
  author={RIBEIRO, ANA PAULA and REZENDE, BRUNA NOGUEIRA and MENEGALI, IRENE and PEREIRA, SIDNEY},
  booktitle={Congresso T{\'e}cnico Cient{\'\i}fico da Engenharia e da Agronomia. Foz do Igua{\c{c}}u},
  year={2016}
}


%Utilizada no cap 2
@article{konstantinoscomparative,
  title={A comparative analysis among three commercial temperature sensors},
  author={Konstantinos, Ioannou and Dimitrios, Emmanouloudis and Kleanthis, Xenitidis}
}


%Utilizada no cap 2
@book{neto2020eletronica,
  title={Eletr{\^o}nica Anal{\'o}gica e Digital Aplicada {\`A} IOT: Aprenda de maneira descomplicada},
  author={Neto, Arlindo and de Oliveira, Yan},
  year={2020},
  publisher={Alta Books}
}

%Utilizada no cap 2
@article{atzori2010internet,
  title={The internet of things: A survey},
  author={Atzori, Luigi and Iera, Antonio and Morabito, Giacomo},
  journal={Computer networks},
  volume={54},
  number={15},
  pages={2787--2805},
  year={2010},
  publisher={Elsevier}
}

%Utilizada no cap 2
@misc{hui2008rfid,
  title={RFID in Airports—Baggage and Passenger Tracking},
  author={Hui, Janson},
  year={2008},
  publisher={MAE-Intro to RFID}
}

%Utilizada no cap 2
@article{banzi2011primeiros,
  title={Primeiros passos com o Arduino},
  author={Banzi, Massimo and Shiloh, Michael},
  journal={S{\~a}o Paulo: Novatec},
  pages={p1},
  year={2011}
}

%Utilizada no cap 2
@article{mcrobertssao,
  title={S{\~a}o Paulo: Novatec, 2011},
  author={McROBERTS, M and B{\'a}sico, Arduino},
  journal={Tradu{\c{c}}{\~a}o: Rafael Zanolli. Citado}
}


%Utilizada no cap 2
@article{torres2015aquisiccao,
  title={Aquisi{\c{c}}{\~a}o de dados meteorol{\'o}gicos atrav{\'e}s da plataforma Arduino: constru{\c{c}}{\~a}o de baixo custo e an{\'a}lise de dados},
  author={Torres, Jo{\~a}o Delfino and Monteiro, Igor Oliveira and dos Santos, Jefferson Rodrigues and Ortiz, Maur{\'\i}cio Soares},
  journal={Scientia Plena},
  volume={11},
  number={2},
  year={2015}
}

%REV
@article{da2016estaccao,
  title={Esta{\c{c}}{\~a}o Meteorol{\'o}gica Autom{\'a}tica de Baixo Custo-Low Cost Automatic Meteorological Station},
  author={da Silva, Angelo Cesar Mendes and da Silva, Mayara Amanda and de Miranda, Jo{\~a}o Paulo Lima and Pinto, Marcelo Costa and Faceroli, Silvana Terezinha and others},
  journal={Multiverso: Revista Eletr{\^o}nica do Campus Juiz de Fora-IF Sudeste MG},
  volume={1},
  number={1},
  pages={46--56},
  year={2016}
}


%REV
@article{hileman2014critical,
  title={Critical Issues in Aviation and the Environment 2014: Aviation Environmental Modeling Tool Suite},
  author={Hileman, James and Roof, Christopher},
  journal={Transportation Research Circular},
  number={E-C184},
  year={2014}
}


%REV
@manual{DECEA,
  title        = {Instrução do Comando da Aeronaútica 105-15},
  author       = {ICA105-15}, 
  organization = {Departamento de Controle de Espaço Aéreo},
  address      = {Brasília},
  edition      = 3,
  month        = 4,
  year         = 2019,
  note         = {Brasil}
}

%REV
@misc{ThinkSpeak,
    title  ={ThingSpeak The IoT Platform with MATLAB Analytics},
    url    ={https://www.mathworks.com/help/thingspeak/index.html?s_tid=CRUX_gn_documentation},
    organization={MathLab},
    urlaccessdate={03 jun. 2020}
}

%REV
@misc{AutoCoreBlog,
    title  ={Diferenças Entre DHT11 e DHT22},
    url    ={https://autocorerobotica.blog.br/diferencas-entre-os-sensores-dht11-e-dht22-2/},
    organization={AutoCore Blog},
    urlaccessdate={30 abr. 2020}
}


%REV
@manual{BRASILMCA104,
  title        = {Manual do Comando da Aeronáutica},
  author       = {Brasil10-4}, 
  organization = {Comando da Aeronautica},
  address      = {Brasília},
  edition      = 1,
  month        = 7,
  year         = 2001,
  note         = {Meteorologia}
}

%REV
@manual{BRASILMCA101,
  title        = {Manual do Comando da Aeronáutica},
  author       = {BrasilMCA10-1}, 
  organization = {Comando da Aeronautica},
  address      = {Brasília},
  edition      = 2,
  month        = 8,
  year         = 2018,
  note         = {Instalação de Estações Meteorológicas de Superfície e de Altitude}
}


%REV
@book{zmud2018primer,
  title={A Primer to Prepare for the Connected Airport and the Internet of Things},
  author={Zmud, Johanna and Miller, Matt and Moran, Maarit and Tooley, Melissa and Borowiec, Jeff and Brydia, Bob and Sen, Rana and Mariani, Joe and Krimmel, Elizabeth and Gunnels, Aubrey},
  number={Project 01-33},
  year={2018}
}

%REV
@article{costa2008meteorologia,
  title={A Meteorologia aeron{\'a}utica no Aeroporto de Guarulhos},
  author={Costa, M{\'a}rcia Maria Gomes},
  journal={Anais do VII Simp{\'o}sio de Transporte A{\'e}reo},
  pages={539--550},
  year={2008}
}

%REV
@misc{DiariodoNordeste,
 title   ={Parte do teto do Aeroporto de Fortaleza é arrancado com forte ventania deste domingo},
 url     ={https://diariodonordeste.verdesmares.com.br/metro/parte-do-teto-do-aeroporto-de-fortaleza-e-arrancado-com-forte-ventania-deste-domingo-1.2203237},
 organization={Diario do Nordeste},
 urlaccessdate={27 abr 2020},
 year={2020}
}


%REV
@article{braga2011estaccoes,
  title={Esta{\c{c}}{\~o}es meteorol{\'o}gicas autom{\'a}ticas: relato de uma experi{\^e}ncia com sensores independentes em bacia experimental},
  author={Braga, Artur Sass and Braga, Sergio Michelotto and Fernandes, Crist{\'o}v{\~a}o Vicente Scapulatempo},
  journal={XIX Simp{\'o}sio Brasileiro De Recursos H{\'\i}dricos},
  pages={1--16},
  year={2011}
}

%REV
@misc{EPTV,
 title   ={Aeroporto de Varginha recebe estação meteorológica de R\$ 2{,}6 milhões},
 url     ={https://g1.globo.com/mg/sul-de-minas/noticia/2019/08/14/aeroporto-de-varginha-recebe-estacao-meteorologica-de-r-26-milhoes.ghtml},
 organization={EPTV},
 urlaccessdate={20 abr 2020},
 year={2019}
}

%REV
@article{carballo2014success,
  title={Success factors of regional airports: The case of Oporto airport},
  author={Carballo-Cruz, Francisco and Costa, V{\^a}nia},
  journal={Tourism \& Management Studies},
  volume={10},
  number={1},
  pages={37--45},
  year={2014},
  publisher={Universidade do Algarve}
}

%REV
@article{henrique2005meteorologia,
  title={Meteorologia aeron{\'a}utica do sistema de controle do espa{\c{c}}o a{\'e}reo brasileiro},
  author={HENRIQUE, R and Matschinske, Martim Roberto},
  journal={Boletim da Sociedade Brasileira de Meteorologia},
  volume={29},
  pages={13--18},
  year={2005}
}

%REV
@article{deestaccao,
  year={2018},
  title={ESTA{\c{C}}{\~A}O METEOROL{\'O}GICA WIFI DE BAIXO CUSTO BASEADO EM THINGSPEAK},
  author={de Almeida Neto, Euripes Lopes and Coriolano, Diego Lopes and dos Santos, Ladjane Coelho and de Almeida, Virgilio Vasconcelos and Lisboa, Halana Santos and Santos, Rodrigo Ribeiro and de Resende, Ira{\'\i} Tadeu Ferreira and Figueiredo, Renan Tavares and de Alsina, Od{\'e}lsia Leonor Sanchez}
}


%REV
@inproceedings{barboza2006historia,
  title={Hist{\'o}ria da meteorologia no Brasil (1887-1917)},
  author={Barboza, Christina Helena},
  booktitle={Congresso Brasileiro de Meteorologia},
  volume={14},
  pages={1--6},
  year={2006}
}

%REV
@article{oliveira2009inmet,
  title={INMET: 100 anos de meteorologia no Brasil: 1909-2009},
  author={OLIVEIRA, Fab{\'\i}ola de},
  journal={Bras{\'\i}lia, DF: INMET},
  year={2009}
}

%REV
@article{redemet2020homepage,
  title={Homepage oficial do Comando A{\'e}reo da Aeron{\'a}utica},
  author={REDEMET, Rede de Meteorologia da Aeron{\'a}utica},
  journal={Dispon{\'\i}vel: http://www.redemet.aer.mil.br/index.php#. Acesso},
  volume={20},
  year={2020}
}


%REV
@article{ocampo2019entraves,
  title={Entraves do controle e regula{\c{c}}{\~a}o da navega{\c{c}}{\~a}o a{\'e}rea civil nos investimentos do Programa de Avia{\c{c}}{\~a}o Regional},
  author={Ocampo, Limber},
  year={2019},
  publisher={Escola Nacional de Administra{\c{c}}{\~a}o P{\'u}blica (Enap)}
}

%REV
@misc{USINAINFOBLOG,
 title   ={ANEMÔMETRO ARDUINO – UM SENSOR DE VENTO PARA ESTAÇÃO METEOROLÓGICA},
 url     ={https://www.usinainfo.com.br/blog/anemometro-arduino-um-sensor-de-vento-para-estacao-meteorologica/},
 organization={USINAINFO},
 urlaccessdate={06 jun. 2020}
}


@INPROCEEDINGS{8473224,
  author={H. {Durani} and M. {Sheth} and M. {Vaghasia} and S. {Kotech}},
  booktitle={2018 Second International Conference on Inventive Communication and Computational Technologies (ICICCT)}, 
  title={Smart Automated Home Application using IoT with Blynk App}, 
  year={2018},
  volume={},
  number={},
  pages={393-397},}
  
  
@mastersthesis{cinel2017desenvolvimento,
  title={Desenvolvimento de um sistema de aquisi{\c{c}}{\~a}o de sinais vibrat{\'o}rios das pregas vocais},
  author={Cinel, Murilo Monteiro},
  type={{B.S.} thesis},
  year={2017},
  school={Universidade Tecnol{\'o}gica Federal do Paran{\'a}}
}


@inproceedings{torres2016analise,
  title={An{\'a}lise de desempenho de brokers mqtt em sistema de baixo custo},
  author={Torres, Andrei BB and Rocha, Atslands R and de Souza, Jos{\'e} Neuman},
  booktitle={Anais do XV Workshop em Desempenho de Sistemas Computacionais e de Comunica{\c{c}}{\~a}o},
  pages={47--58},
  year={2016},
  organization={SBC}
}

@book{de2017internet,
  title={Internet das coisas com ESP8266, Arduino e Raspberry PI},
  author={de Oliveira, S{\'e}rgio},
  year={2017},
  publisher={Novatec Editora}
}


@article{mota2017analise,
  title={Uma an{\'a}lise comparativa dos protocolos SNMP, Zabbix e MQTT, no contexto de aplica{\c{c}}{\~o}es de internet das coisas},
  author={Mota, Levi da Costa},
  year={2017},
  publisher={P{\'o}s-Gradua{\c{c}}{\~a}o em Ci{\^e}ncia da Computa{\c{c}}{\~a}o}
}


@article{d1973tests,
  title={Tests for departure from normality. Empirical results for the distributions of b 2 and√ b},
  author={D'AGOSTINO, RALPH and Pearson, Egon S},
  journal={Biometrika},
  volume={60},
  number={3},
  pages={613--622},
  year={1973},
  publisher={Oxford University Press}
}


@book{silvestre2007analise,
  title={An{\'a}lise de dados e estat{\'\i}stica descritiva},
  author={Silvestre, Ant{\'o}nio Lu{\'\i}s},
  year={2007},
  publisher={Escolar editora}
}

