% Encoding: UTF-8

@Manual{Anexo:14,
  title        = {{Anexo 14} },
  author       = {OACI},
  organization = {Organização de Aviação Civil Internacional},
  address      = {Montreal},
  month        = may,
  year         = {2016},
  org-short    = {OACI},
  pages        = {350},
  subtitle     = {Aeródromos Design e Operações, Volume I, Edição 17 }
}

@Manual{RBAC:154,
  title        = {{RBAC 154} Projeto de Aeródromos},
  author       = {ANAC},
  organization = {Agência Nacional de Aviação Civil},
  address      = {Brasília},
  month        = set,
  year         = {2019},
  org-short    = {ANAC},
  pages        = {113},
  subtitle     = {Disponível em: <https://www.anac.gov.br/assuntos/legislacao/legislacao-1/rbha-e-rbac/rbac/rbac-154> }
}

BRASIL. Agência Nacional de Aviação Civil. Regulamento Brasileiro da Aviação Civil nº
154. Disponível em: < http://www2.anac.gov.br/biblioteca/rbac/RBAC154EMD01.pdf >.
Acesso: 08.out.2015b.

@Manual{RBAC:153,
  title        = {{RBAC 153} Aeródromos - operação, manutenção e resposta à emergência},
  author       = {ANAC},
  organization = {Agência Nacional de Aviação Civil},
  address      = {Brasília},
  month        = may,
  year         = {2019},
  org-short    = {ANAC},
  pages        = {253},
  subtitle     = {Disponível em: <https://www.anac.gov.br/assuntos/legislacao/legislacao-1/rbha-e-rbac/rbac> }
}

International Civil Aviation Organization – ICAO (2004). Aerodrome Design and Operations, Volume I; Annex
14 to the Convention on International Civil Aviatio
n. 4th Edition, Montreal, Amendment 9

@Manual{ICA:100-37,
  title        = {{ICA} 100-37},
  author       = {Ministério da Defesa DECEA},
  organization = {Serviços de Tráfego Aéreo},
  address      = {Brasília},
  month        = dec,
  year         = {2018},
  org-short    = {DECEA},
  pages        = {277},
  subtitle     = {Disponível em: <https://publicacoes.decea.gov.br/?i=publicacao&id=5183> }
}

@Manual{NBR6023:2002,
  title        = {{NBR} 6023},
  author       = {ABNT},
  organization = {Associação  Brasileira de Normas Técnicas},
  address      = {Rio de Janeiro},
  month        = aug,
  year         = {2002},
  org-short    = {ABNT},
  pages        = {24},
  subtitle     = {Informação e documentação - Referências - Elaboração}
}

@Manual{NBR14724:2011,
  title        = {{ABNT NBR} 14724:2011},
  organization = {Associa{\c c}\~ao  Brasileira de Normas TÉcnicas},
  address      = {Rio de Janeiro},
  month        = mar,
  year         = {2011},
  org-short    = {ABNT},
  pages        = {15},
  subtitle     = {Informação e documentação -- Trabalhos acadêmicos -- Apresentação},
}

@Manual{NBR6028:2003,
  title        = {{ABNT NBR} 6028:2003},
  organization = {Associa{\c c}\~ao  Brasileira de Normas TÉcnicas},
  address      = {Rio de Janeiro},
  month        = nov,
  year         = {2003},
  org-short    = {ABNT},
  pages        = {2},
  subtitle     = {Informação e documentação -- Resumo -- Apresentação},
}

@Book{marconi2003,
  title     = {Fundamentos de Metodologia Científica},
  publisher = {Atlas},
  year      = {2003},
  author    = {Marconi, Marina de Andrade and Lakatos, Eva Maria},
  address   = {São Paulo},
  edition   = {5. ed.},
}

@Book{Rampazzo2005,
  title         = {Metodologia cient{\'\i}fica},
  publisher     = {Edi{\c{c}}{\~o}es Loyola},
  year          = {2005},
  author        = {Rampazzo, L.},
  isbn          = {9788515024988},
 }
 
 @Book{Carvalho1989,
  title         = {Construindo o saber: t{\'e}cnicas de metodologia cient{\'\i}fica},
  publisher     = {Papirus Editora},
  year          = {1989},
  author        = {de Carvalho, M.C.M.},
  isbn          = {9788530800710},
}

@Article{Junior2018,
  author  = {Joaquim Alves Viana Junior},
  title   = {Monografia I},
  journal = {UFOP},
  year    = {2018},
  volume  = {1},
  pages   = {35},
}
@Comment{jabref-meta: databaseType:bibtex;}
